{
  "leader": "02931cam a22004091i 4500",
  "fields": [
    {
      "001": "ocm00603247\\"
    },
    {
      "003": "OCoLC"
    },
    {
      "005": "20220106163633.0"
    },
    {
      "008": "730413s1958\\\\\\\\nyu\\\\\\\\\\\\\\\\\\\\\\000\\0\\eng\\\\"
    },
    {
      "010": {
        "ind1": "\\",
        "ind2": "\\",
        "subfields": [
          {
            "a": "   58007093 "
          }
        ]
      }
    },
    {
      "040": {
        "ind1": "\\",
        "ind2": "\\",
        "subfields": [
          {
            "a": "DLC"
          },
          {
            "b": "eng"
          },
          {
            "c": "HUC"
          },
          {
            "d": "DLC"
          },
          {
            "d": "BTCTA"
          },
          {
            "d": "OCLCG"
          },
          {
            "d": "YHM"
          },
          {
            "d": "OCLCF"
          },
          {
            "d": "OCLCQ"
          },
          {
            "d": "UKMGB"
          },
          {
            "d": "RCT"
          },
          {
            "d": "OCLCO"
          },
          {
            "d": "OCL"
          },
          {
            "d": "NZABT"
          },
          {
            "d": "MNLUT"
          },
          {
            "d": "OCLCQ"
          },
          {
            "d": "KFH"
          },
          {
            "d": "OCLCQ"
          },
          {
            "d": "OCLCA"
          },
          {
            "d": "TFW"
          },
          {
            "d": "OCLCO"
          },
          {
            "d": "OCLCQ"
          },
          {
            "d": "ISB"
          },
          {
            "d": "OCLCO"
          }
        ]
      }
    },
    {
      "016": {
        "ind1": "7",
        "ind2": "\\",
        "subfields": [
          {
            "a": "001275143"
          },
          {
            "2": "Uk"
          }
        ]
      }
    },
    {
      "019": {
        "ind1": "\\",
        "ind2": "\\",
        "subfields": [
          {
            "a": "843001181"
          },
          {
            "a": "1061615540"
          }
        ]
      }
    },
    {
      "035": {
        "ind1": "\\",
        "ind2": "\\",
        "subfields": [
          {
            "a": "(OCoLC)603247"
          },
          {
            "z": "(OCoLC)843001181"
          },
          {
            "z": "(OCoLC)1061615540"
          }
        ]
      }
    },
    {
      "050": {
        "ind1": "0",
        "ind2": "0",
        "subfields": [
          {
            "a": "BX6333.F57"
          },
          {
            "b": "R5"
          }
        ]
      }
    },
    {
      "082": {
        "ind1": "0",
        "ind2": "4",
        "subfields": [
          {
            "a": "252.06"
          },
          {
            "b": "FOS"
          }
        ]
      }
    },
    {
      "100": {
        "ind1": "1",
        "ind2": "\\",
        "subfields": [
          {
            "a": "Fosdick, Harry Emerson,"
          },
          {
            "d": "1878-1969,"
          },
          {
            "e": "author."
          }
        ]
      }
    },
    {
      "245": {
        "ind1": "1",
        "ind2": "0",
        "subfields": [
          {
            "a": "Riverside sermons /"
          },
          {
            "c": "by Harry Emerson Fosdick ; introduction by Henry Pitney Van Dusen."
          }
        ]
      }
    },
    {
      "250": {
        "ind1": "\\",
        "ind2": "\\",
        "subfields": [
          {
            "a": "First edition."
          }
        ]
      }
    },
    {
      "264": {
        "ind1": "\\",
        "ind2": "1",
        "subfields": [
          {
            "a": "New York :"
          },
          {
            "b": "Harper,"
          },
          {
            "c": "[1958.]"
          }
        ]
      }
    },
    {
      "264": {
        "ind1": "\\",
        "ind2": "4",
        "subfields": [
          {
            "c": "\u00a91958"
          }
        ]
      }
    },
    {
      "300": {
        "ind1": "\\",
        "ind2": "\\",
        "subfields": [
          {
            "a": "xii, 362 pages ;"
          },
          {
            "c": "22 cm"
          }
        ]
      }
    },
    {
      "336": {
        "ind1": "\\",
        "ind2": "\\",
        "subfields": [
          {
            "a": "text"
          },
          {
            "b": "txt"
          },
          {
            "2": "rdacontent"
          }
        ]
      }
    },
    {
      "337": {
        "ind1": "\\",
        "ind2": "\\",
        "subfields": [
          {
            "a": "unmediated"
          },
          {
            "b": "n"
          },
          {
            "2": "rdamedia"
          }
        ]
      }
    },
    {
      "338": {
        "ind1": "\\",
        "ind2": "\\",
        "subfields": [
          {
            "a": "volume"
          },
          {
            "b": "nc"
          },
          {
            "2": "rdacarrier"
          }
        ]
      }
    },
    {
      "340": {
        "ind1": "\\",
        "ind2": "\\",
        "subfields": [
          {
            "m": "8vo."
          },
          {
            "2": "rdabf"
          }
        ]
      }
    },
    {
      "505": {
        "ind1": "0",
        "ind2": "\\",
        "subfields": [
          {
            "a": "Ideas that use us -- Great hours of a man's life -- Mystery of life -- Power to see it through -- On catching the wrong bus -- When life reaches its depths -- Handling life's second bests -- Handicapped lives -- No man need stay the way he is -- Preventive religion -- Service of religious faith to mental health -- Christian faith : fantasy or truth? -- On learning to pray -- When prayer means power -- Finding unfailing resources -- High uses of serenity -- What keeps religion going? -- Towering question : is Christianity possible? -- Essential elements in a vital Christian experience -- Christians in spite of everything -- What are you standing for? -- Are we part of hte problem or of the answer? -- Six ways to tell right from wrong -- Practical use of faith -- Family religion -- Mankind's deep need : the sense of community -- Modern civilization's crucial problem -- How believe in a good God in a world like this? -- Greatness of God -- What does the divinity of Jesus mean? -- Hospitality to the highest -- Taking Jesus seriously -- Forgiveness of sins -- Inescapable judgment -- Unavoidable choice faces our Jerusalem too -- Cross, and amazing paradox -- Eternal victorious over the temporal -- God talks to a dictator -- Unknown soldier -- Church must go beyond modernism."
          }
        ]
      }
    },
    {
      "520": {
        "ind1": "\\",
        "ind2": "\\",
        "subfields": [
          {
            "a": "Forty of the best sermons of the famous New York City Protestant minister, selected by C.L. Wallis and issued in honor of his 80th birthday."
          }
        ]
      }
    },
    {
      "650": {
        "ind1": "\\",
        "ind2": "0",
        "subfields": [
          {
            "a": "Sermons, American"
          },
          {
            "y": "20th century."
          }
        ]
      }
    },
    {
      "650": {
        "ind1": "\\",
        "ind2": "7",
        "subfields": [
          {
            "a": "Sermons, American."
          },
          {
            "2": "fast"
          },
          {
            "0": "(OCoLC)fst01113225"
          }
        ]
      }
    },
    {
      "648": {
        "ind1": "\\",
        "ind2": "7",
        "subfields": [
          {
            "a": "1900-1999"
          },
          {
            "2": "fast"
          }
        ]
      }
    },
    {
      "655": {
        "ind1": "\\",
        "ind2": "7",
        "subfields": [
          {
            "a": "Sermons."
          },
          {
            "2": "fast"
          },
          {
            "0": "(OCoLC)fst01423904"
          }
        ]
      }
    },
    {
      "655": {
        "ind1": "\\",
        "ind2": "7",
        "subfields": [
          {
            "a": "Sermons."
          },
          {
            "2": "lcgft"
          }
        ]
      }
    },
    {
      "776": {
        "ind1": "0",
        "ind2": "8",
        "subfields": [
          {
            "i": "Online version:"
          },
          {
            "a": "Fosdick, Harry Emerson, 1878-1969."
          },
          {
            "t": "Riverside sermons."
          },
          {
            "b": "1st ed."
          },
          {
            "d": "New York : Harper, \u00a91958"
          },
          {
            "w": "(OCoLC)610447852"
          }
        ]
      }
    },
    {
      "994": {
        "ind1": "\\",
        "ind2": "\\",
        "subfields": [
          {
            "a": "Z0"
          },
          {
            "b": "NYRVC"
          }
        ]
      }
    },
    {
      "948": {
        "ind1": "\\",
        "ind2": "\\",
        "subfields": [
          {
            "h": "NO HOLDINGS IN NYRVC - 489 OTHER HOLDINGS"
          }
        ]
      }
    },
    {
      "999": {
        "ind1": "\\",
        "ind2": "\\",
        "subfields": [
          {
            "a": "00000000016379"
          }
        ]
      }
    }
  ]
}